% Bibliography for Log Analyzer Research Paper

@article{he2020survey,
  title={A survey on security log analysis methods},
  author={He, Pinjia and Zhu, Jieming and Zheng, Zibin and Lyu, Michael R},
  journal={ACM Computing Surveys (CSUR)},
  volume={53},
  number={3},
  pages={1--36},
  year={2020},
  publisher={ACM New York, NY, USA}
}

@inproceedings{du2017deeplog,
  title={DeepLog: Anomaly detection and diagnosis from system logs through deep learning},
  author={Du, Min and Li, Feifei and Zheng, Guineng and Srikumar, Vivek},
  booktitle={Proceedings of the 2017 ACM SIGSAC Conference on Computer and Communications Security},
  pages={1285--1298},
  year={2017}
}

@article{landauer2020system,
  title={System log clustering approaches for cyber security applications: A survey},
  author={Landauer, Michael and Skopik, Florian and Wurzenberger, Markus and Rauber, Andreas},
  journal={Computers \& Security},
  volume={92},
  pages={101739},
  year={2020},
  publisher={Elsevier}
}

@inproceedings{zhu2019tools,
  title={Tools and benchmarks for automated log parsing},
  author={Zhu, Jieming and He, Shilin and Liu, Jinyang and He, Pinjia and Xie, Qi and Zheng, Zibin and Lyu, Michael R},
  booktitle={2019 IEEE/ACM 41st International Conference on Software Engineering: Software Engineering in Practice (ICSE-SEIP)},
  pages={121--130},
  year={2019},
  organization={IEEE}
}

@article{chuvakin2010logging,
  title={Logging and log management: the authoritative guide to understanding the concepts surrounding logging and log management},
  author={Chuvakin, Anton and Schmidt, Kevin and Phillips, Chris},
  journal={Syngress},
  year={2012}
}

@inproceedings{alsaheel2021atlas,
  title={ATLAS: A sequence-based learning approach for attack investigation},
  author={Alsaheel, Abdulellah and Nan, Yuhong and Ma, Shiqing and Yu, Le and Walkup, Gregory and Celik, Z Berkay and Xu, Xiangyu and Qian, Zhenkai},
  booktitle={30th USENIX Security Symposium (USENIX Security 21)},
  pages={3005--3022},
  year={2021}
}

@article{khan2021log,
  title={Log-based identification, classification and behavior prediction of hacking tools},
  author={Khan, Sohail and Parkinson, Simon},
  journal={Computers \& Security},
  volume={100},
  pages={102084},
  year={2021},
  publisher={Elsevier}
}

@inproceedings{xu2009detecting,
  title={Detecting large-scale system problems by mining console logs},
  author={Xu, Wei and Huang, Ling and Fox, Armando and Patterson, David and Jordan, Michael I},
  booktitle={Proceedings of the ACM SIGOPS 22nd symposium on Operating systems principles},
  pages={117--132},
  year={2009}
}

@article{hassan2020nodoze,
  title={NoDoze: Combatting threat alert fatigue with automated provenance triage},
  author={Hassan, Wajih Ul and Guo, Shengjian and Li, Ding and Chen, Zhengzhang and Jee, Kangkook and Li, Zhichun and Bates, Adam},
  journal={Network and Distributed Systems Security (NDSS) Symposium},
  year={2019}
}

@inproceedings{gao2020robustlog,
  title={RobustLog: A highly efficient and robust log parsing approach for large-scale log data analysis},
  author={Gao, Yihao and Li, Shaohua and Dong, Yongqiang and Wang, Ruitao and Liu, Xiupeng and Cai, Hongsheng},
  booktitle={2020 IEEE International Conference on Web Services (ICWS)},
  pages={144--152},
  year={2020},
  organization={IEEE}
}

@article{miranskyy2016operational,
  title={Operational-log analysis for big data systems: Challenges and solutions},
  author={Miranskyy, Andriy and Hamou-Lhadj, Abdelwahab and Cialini, Enzo and Larsson, Alf},
  journal={IEEE Software},
  volume={33},
  number={2},
  pages={52--59},
  year={2016},
  publisher={IEEE}
}

@inproceedings{lin2016logsed,
  title={LogSed: Anomaly diagnosis through mining time-weighted control flow graph in logs},
  author={Lin, Qingwei and Zhang, Hongyu and Lou, Jian-Guang and Zhang, Yu and Chen, Xuewei},
  booktitle={2016 IEEE 10th International Conference on Cloud Computing (CLOUD)},
  pages={447--456},
  year={2016},
  organization={IEEE}
}

@article{he2018identifying,
  title={Identifying impactful service system problems via log analysis},
  author={He, Shilin and He, Pinjia and Chen, Zhuangbin and Yang, Tianyi and Su, Yuxin and Lyu, Michael R},
  journal={Proceedings of the 2018 26th ACM Joint Meeting on European Software Engineering Conference and Symposium on the Foundations of Software Engineering},
  pages={60--70},
  year={2018}
}

@inproceedings{lou2010mining,
  title={Mining program workflow from interleaved traces},
  author={Lou, Jian-Guang and Fu, Qiang and Yang, Shengqi and Xu, Ye and Li, Jiang},
  booktitle={Proceedings of the 16th ACM SIGKDD international conference on Knowledge discovery and data mining},
  pages={613--622},
  year={2010}
}

@article{ahmed2020challenges,
  title={Challenges and solutions in security log analysis},
  author={Ahmed, Tarem and Oreshkin, Boris and Coates, Mark},
  journal={IEEE Security \& Privacy},
  volume={18},
  number={2},
  pages={52--62},
  year={2020},
  publisher={IEEE}
}

@inproceedings{zhang2019robust,
  title={Robust log-based anomaly detection on unstable log data},
  author={Zhang, Xu and Xu, Yong and Lin, Qingwei and Qiao, Bo and Zhang, Hongyu and Dang, Yingnong and Xie, Chunyu and Yang, Xinsheng and Cheng, Qian and Li, Ze and others},
  booktitle={Proceedings of the 2019 27th ACM Joint Meeting on European Software Engineering Conference and Symposium on the Foundations of Software Engineering},
  pages={807--817},
  year={2019}
}

@article{meng2019loghub,
  title={LogHub: a large collection of system log datasets towards automated log analytics},
  author={Meng, Weibin and Liu, Ying and Zhang, Shenglin and Pei, Dan and Dong, Hui and Song, Lei and Luo, Xulong},
  journal={arXiv preprint arXiv:1908.11403},
  year={2019}
}

@inproceedings{li2020swisslog,
  title={SwissLog: Robust and unified deep learning based log anomaly detection for diverse faults},
  author={Li, Zhuangbin and Lu, Jiyang and Zhao, Yuxin and Wang, Tianyi and Chen, Zhuangbin},
  booktitle={2020 IEEE 31st International Symposium on Software Reliability Engineering (ISSRE)},
  pages={92--103},
  year={2020},
  organization={IEEE}
}

@article{khan2018review,
  title={A review of machine learning algorithms for log-analysis-based anomaly detection},
  author={Khan, Sohail and Parkinson, Simon},
  journal={Neurocomputing},
  volume={299},
  pages={1--22},
  year={2018},
  publisher={Elsevier}
}

@inproceedings{guo2021logbert,
  title={LogBERT: Log anomaly detection via BERT},
  author={Guo, Haixuan and Xiao, Shuhan and Xu, Lily and Zhang, Jiaqi and Cheng, Chen and Su, Hang and Xu, Ting},
  booktitle={International Joint Conference on Neural Networks (IJCNN)},
  pages={1--8},
  year={2021},
  organization={IEEE}
}
